@article{H:69:ABCP,
  title={An axiomatic basis for computer programming},
  author={Charles Antony Richard Hoare},
  journal={CACM},
  volume={12},
  number={10},
  pages={576--580},
  year={1969},
  publisher={ACM}
}

@InProceedings{P:08:CGBP,
  author =       {},
  title =        {Connecting Gr\"obner Bases Programs with {Coq} to do
                  Proofs in Algebra, Geometry and Arithmetics},
  booktitle = {Knowledge Exchange: Automated Provers and Proof Assistants},
  year =      {2008},
  editor =    {G. Sutcliffe and P. Rudnicki and R. Schmidt and
                  B. Konev and S. Schulz}, 
  pages =     {418},
}

@TechReport{P:10:CGBP,
  author =       {Lo\"ic Pottier},
  title =        {Connecting Gr\"obner Bases Programs with {Coq} to do
                  Proofs in Algebra, Geometry and Arithmetics},
  institution =  {CoRR},
  year =         {2010},
  number =    {abs/1007.3615},
}

